<?xml version="1.0" encoding="UTF-8"?><collection xmlns="http://www.loc.gov/MARC21/slim"><record><leader>00429nam--2200169-i-4500</leader><controlfield tag="001">000028357</controlfield><controlfield tag="002">20161230</controlfield><controlfield tag="005">20161230201037</controlfield><controlfield tag="008">060222s1000------------r-----000-0-eng-d</controlfield><datafield ind1=" " ind2=" " tag="020"><subfield code="a">0852745478</subfield></datafield><datafield ind1=" " ind2=" " tag="080"><subfield code="a">113/115:530.12</subfield></datafield><datafield ind1="1" ind2=" " tag="100"><subfield code="a">Landsberg, P. T</subfield></datafield><datafield ind1="1" ind2="0" tag="245"><subfield code="a">The enigma of time</subfield><subfield code="c">P.t. landsberg</subfield></datafield><datafield ind1=" " ind2=" " tag="260"><subfield code="a">Bristol</subfield><subfield code="b">Adam Hilger Ltd</subfield><subfield code="c">1982</subfield></datafield><datafield ind1=" " ind2=" " tag="300"><subfield code="a">XII + 248P</subfield></datafield><datafield ind1=" " ind2=" " tag="852"><subfield code="a">74127</subfield><subfield code="c">523</subfield></datafield><datafield ind1=" " ind2=" " tag="CAT"><subfield code="a">Sys</subfield><subfield code="c">20141208</subfield><subfield code="h">155455</subfield></datafield></record></collection>